<?xml version="1.0" encoding="UTF-8"?><collection xmlns="http://www.loc.gov/MARC21/slim"><record><leader>00514nam--2200193-i-4500</leader><controlfield tag="001">000003044</controlfield><controlfield tag="002">20161230</controlfield><controlfield tag="005">20161230201025</controlfield><controlfield tag="008">060222s1000------------r-----000-0-eng-d</controlfield><datafield ind1=" " ind2=" " tag="040"><subfield code="a">254P</subfield></datafield><datafield ind1=" " ind2=" " tag="080"><subfield code="a">803.0(075.3)</subfield></datafield><datafield ind1="1" ind2=" " tag="100"><subfield code="a">Dhaleine, R</subfield></datafield><datafield ind1="1" ind2="0" tag="245"><subfield code="a">Lectures allemandes</subfield><subfield code="b">Classe de troisieme</subfield><subfield code="c">R. dhaleine, j. peyraube</subfield></datafield><datafield ind1=" " ind2=" " tag="260"><subfield code="a">Paris</subfield><subfield code="b">Classiques Hachette</subfield><subfield code="c">1951</subfield></datafield><datafield ind1=" " ind2=" " tag="300"><subfield code="a">206P</subfield></datafield><datafield ind1=" " ind2=" " tag="490"><subfield code="a">L'Allemagne Snas Passeport</subfield></datafield><datafield ind1="1" ind2=" " tag="700"><subfield code="a">Peyraube, J</subfield></datafield><datafield ind1=" " ind2=" " tag="852"><subfield code="a">41873</subfield><subfield code="c">4</subfield></datafield><datafield ind1=" " ind2=" " tag="CAT"><subfield code="a">Sys</subfield><subfield code="c">20130205</subfield><subfield code="h">171909</subfield></datafield></record></collection>